<?xml version="1.0" encoding="UTF-8"?><collection xmlns="http://www.loc.gov/MARC21/slim"><record><leader>00412nam--2200133-i-4500</leader><controlfield tag="001">000030768</controlfield><controlfield tag="002">20161230</controlfield><controlfield tag="005">20161230201038</controlfield><controlfield tag="008">060222s1000------------r-----000-0-eng-d</controlfield><datafield ind1=" " ind2=" " tag="080"><subfield code="a">621.372:621.3.078</subfield></datafield><datafield ind1=" " ind2=" " tag="100"><subfield code="a">Mcdaniel, Willie Lee</subfield></datafield><datafield ind1=" " ind2=" " tag="245"><subfield code="a">The x-transform and its use in sampled-data system analysis.a dissertation.</subfield></datafield><datafield ind1=" " ind2=" " tag="260"><subfield code="a">Ann Arbor, Michigan, University Microfilms, 1965. Xiii + 143p</subfield></datafield><datafield ind1=" " ind2=" " tag="852"><subfield code="a">28018</subfield></datafield></record></collection>